@article{lewis2005phylogeny,
	title={The phylogeny of the subgroups within the melanogaster species group: likelihood tests on COI and COII sequences and a Bayesian estimate of phylogeny},
	author={Lewis, Rebecca L and Beckenbach, Andrew T and Mooers, Arne {\O}},
	journal={Molecular phylogenetics and evolution},
	volume={37},
	number={1},
	pages={15--24},
	year={2005},
	publisher={Elsevier},
	doi={10.1016/j.ympev.2005.02.018}
}

@article{izumitani2016phylogeography,
	title={Phylogeography of the subgenus Drosophila (Diptera: Drosophilidae): evolutionary history of faunal divergence between the Old and the New Worlds},
	author={Izumitani, Hiroyuki F and Kusaka, Yohei and Koshikawa, Shigeyuki and Toda, Masanori J and Katoh, Toru},
	journal={PLoS One},
	volume={11},
	number={7},
	pages={e0160051},
	year={2016},
	publisher={Public Library of Science},
	doi={10.1371/journal.pone.0160051}
}
